/Users/wessel/Dropbox/Projects/PyLib/Catalogue/output/bibliography.bib